<?xml version="1.0" encoding="UTF-8"?><collection xmlns="http://www.loc.gov/MARC21/slim"><record><leader>00635nam--2200205-i-4500</leader><controlfield tag="001">000032074</controlfield><controlfield tag="002">20161230</controlfield><controlfield tag="005">20161230201039</controlfield><controlfield tag="008">060222s1000------------r-----000-0-rus-d</controlfield><datafield ind1=" " ind2=" " tag="040"><subfield code="a">IFIN-HH</subfield></datafield><datafield ind1=" " ind2=" " tag="041"><subfield code="a">rus</subfield></datafield><datafield ind1=" " ind2=" " tag="080"><subfield code="a">539.143.43</subfield></datafield><datafield ind1="1" ind2=" " tag="100"><subfield code="a">Pople, J.A</subfield></datafield><datafield ind1="1" ind2="0" tag="245"><subfield code="a">Spektri iadernogo magnitnogo rezonansa visokogo razresenia</subfield><subfield code="c">J.a. pople, w.g. schneider, h.j. bernstein</subfield></datafield><datafield ind1=" " ind2=" " tag="260"><subfield code="a">Moskva</subfield><subfield code="b">Inostrannoi Literaturi</subfield><subfield code="c">1962</subfield></datafield><datafield ind1=" " ind2=" " tag="300"><subfield code="a">592P</subfield></datafield><datafield ind1=" " ind2=" " tag="500"><subfield code="a">Titlul Original In Limba Engleza: High-resolution Nuclear Magnetic Resonance</subfield></datafield><datafield ind1="1" ind2=" " tag="700"><subfield code="a">Bernstein, H.J</subfield></datafield><datafield ind1=" " ind2=" " tag="852"><subfield code="a">8227</subfield><subfield code="c">539.143.43</subfield></datafield><datafield ind1=" " ind2=" " tag="CAT"><subfield code="a">Sys</subfield><subfield code="c">20120418</subfield><subfield code="h">153302</subfield></datafield></record></collection>